



%-------------------------- LITERATURA MAGISTRSKA --------------------------

%-------------------------- DOKUMENTACIJA ---------------------------------------
@misc{arc_howto,
	author = "Avery Pennarun",
	title = "{Linux ARCnet HOWTO}",
	howpublished = "Dosegljivo: \url{http://apenwarr.ca/arcnet/howto/index.html}",
	note = "[Dostopano: 6. 17. 2015]"
}
@misc{jr3_doc_ext,
	author = "JR3, INC.",
	title = "{JR3, Installation manual for force - torque sensors with internal electronics}",
	howpublished = "Dosegljivo: \url{http://www.jr3.com/product-manuals.html}",
	note = "[Dostopano: 6. 17. 2015]"
}

@misc{jr3_doc_inst,
	author = "JR3, INC.",
	title = "{JR3, DPS-based force sensor receivers, software and installation manual}",
	howpublished = "Dosegljivo: \url{http://www.jr3.com/product-manuals.html}",
	note = "[Dostopano: 6. 17. 2015]"
}

@MANUAL{pa10-manual,
	title = "Portable General Purpose Intelligent Arm - Operating Manual",
	organization = "Mitsubishi Heavy Industries",
	edition = "Rev. 1",
}

@MANUAL{arc_tutorial,
	title = "ARCNET Tutorial",
	organization = "Contemporary Controls",
}


@misc{arc_doc,
	author = "ARCNET Trade Association",
	title = "{ARCNET  ?  An Embedded Real-Time Network}",
	howpublished = "Dosegljivo: \url{http://www.arcnet.com/abtarcs.htm}",
	note = "[Dostopano: 2. 7. 2015]"
}

%-------------------------- KNJIGE ---------------------------------------
@book{isa_system,
	title={ISA System Architecture},
	author={Shanley, Tom and Anderson, Don},
	year={1995},
	publisher={Addison-Wesley Publishing Company}
}

@book{miljavec_stroji,
	title={Elektri?ni stroji: temeljna znanja},
	author={Miljavec, Damjan and Jereb, Peter},
	year={2008},
	publisher={Univerza v Ljubljani, Zalo{\v{z}}ba FE in FRI},
	address = {Ljubljana}
}

@book{mihelj_vodenje,
	title={Vodenje robotov},
	author={Mihelj, Matja\v{z} and Bajd, Tadej and Munih, Marko},
	year={2011},
	publisher={Univerza v Ljubljani, Zalo{\v{z}}ba FE in FRI},
	address = {Ljubljana}
}

@book{zupancic_tr,
	title={Teorija regulacij},
	author={Zupan\v{c}i\v{c}, Borut},
	publisher={Univerza v Ljubljani, Zalo{\v{z}}ba FE in FRI},
	address = {Ljubljana}
}

@book{zupancic_vs,
	title={Vodenje sistemov},
	author={Zupan\v{c}i\v{c}, Borut},
	publisher={Univerza v Ljubljani, Zalo{\v{z}}ba FE in FRI},
	address = {Ljubljana}
}
@book{lenarcic_robotmeh,
	title={Robotski mehanizmi},
	author={Lenar\v{c}i\v{c}, Jadran and Bajd, Tadej},
	year={2003},
	publisher={Univerza v Ljubljani, Zalo{\v{z}}ba FE in FRI},
	address = {Ljubljana}
}

@book{mihelj_hapt,
	title={Vodenje robotov},
	author={Mihelj, Matja\v{z}},
	year={2011},
	publisher={Univerza v Ljubljani, Zalo{\v{z}}ba FE in FRI},
	address = {Ljubljana}
}

@book{bajd_robotika,
	title={Robotika},
	author={Bajd, Tadej and Mihelj, Matja\v{z} and Lenar\v{c}i\v{c}, Jadran and Stanovnik, Ale\v{s} and Munih, Marko},
	year={2008},
	publisher={Univerza v Ljubljani, Zalo{\v{z}}ba FE in FRI},
	address = {Ljubljana}
}

@book{craig_robintro,
	title={Introduction to Robotics},
	author={Craig, John J},
	year={2005},
	publisher={Pearson Education International},
	address = {Z.D.A.}
}

@book{siciliano_robot,
	title={Robotics, Modelling, Planning and Control},
	author={Siciliano, Bruno and Sciavicco, Lorenzo and Villani, Luigi and Oriolo, Giuseppe},
	year={2009},
	publisher={Springer},
	address = {London}
}

%-------------------------- CLANKI ---------------------------------------
@article{linux_windows,
	title={A Real Time Operating Systems (RTOS) Comparison},
	author={Aroca, Rafael V. and Cauri, Glauco},
	journal={XXIX Congresso da Sociedade Brasileira de Computação},
	year={2009},
}

@article{almassri_pressure_sensor,
	title={Pressure Sensor: State of the Art, Design, and Application for
	Robotic Hand},
	author={Almassri, Ahmed M. and Hasan, W. Z. Wan and Ahmad, S. A. and Ishak, A. J. and Ghazali, A. M. and Talib, D. N. and Wada, Chikamune},
	journal={Hindawi Publishing Corporation, Jurnal of Sensors},
	year={2014},
}

@article{omrcen_jr3,
	title={Meritev gibanja kolena z industrijskim robotom - avtomatska kompenzacija gravitacije prijemala},
	author={Omr?en, Damir and Nemec, Bojan},
	journal={Strojni?ki vestnik},
	pages={87 - 97},
	year={2002},
}

@article{eppinger_force_dynamics,
	title={Three Dynamic Problems in Robot Force Control},
	author={Eppinger, Steven D. and Seering, Warren P.},
	journal={IEEE Transactions on Robotics and Automation},
	year={1992},
	pages={751 - 758},
}

@article{bejczy_dynamics,
	title={Simplified robot arm dynamics for control},
	author={Bejczy, A. K. and Paul, R. P.},
	journal={Decision and Control including the Symposium on Adaptive Processes, 1981 20th IEEE Conference on },
	year={1981},
	pages={261-262},
	address = {San Diego}
}

@article{zlajpah_dynamics_red,
	title={Dynamics of Internal Motion of Redundant Manipulators},
	author={Leon ?lajpah},
	journal={IEEE},
	year={1997},
	pages={95 - 100},
	address = {Bzdabest}
}

@article{bompos_pa10,
	title={Modeling, Full Identification and Control of the Mitsubishi PA-10 Robot Arm},
	author={Bompos, Nikolas A. and Artemiadis, Panagiotis K. and Oikonomopoulos, Apollon S. and Kyriakopoulos, Kostas J.},
	journal={Proceedings of IEEE/ASME Internationak conferenc on Advanced Intelligent Mechatronics},
	year={2007},
	address = {Singapur}
}

@article{voung_pa10,
	title={Dynamic Model Identification for Industrial Robots},
	author={Vuong, Ngoc D. and Ang, Marcelo H. Jr.},
	journal={Acta Polytechnica Hungarica},
	year={2009},
	address = {Singapur}
}

@article{aalst_pa10,
	title={Dynamic identification of a Mitsubishi PA-10 robotic manipulator},
	author={van der Aalst, Ruud and Ang, Marcelo H. Jr. and Nijmeijer, Henk},
	journal={ICAR},
	year={1999},
	address = {Tokyo}
}

@article{rodrigo_pa10,
	title={Dynamics Identification and Control of an Industrial Robot},
	author={Jamisola, Rodrigo and Ang, Marcelo Jr. and Lim, Tao Ming and Khatib, Oussama and Lim, Ser Yong},
	journal={ICAR},
	year={1999},
	address = {Tokyo}
}

@article{mhi_pa10,
	title={Mitsubishi Clean Room Robot},
	author={Mitsubishi Heavy Industries Ltd.},
	journal={Seminarska naloga},
	year={2003},
}

@article{petric_nevronska,
	title={Kompenzacija trenja in gravitacije na robotu Mitsubishi PA-10},
	author={Petri\v{c}, Tadej and Munih, Marko},
	journal={Seminarska naloga},
	year={2010},
	address = {Ljubljana}
}


